<?xml version="1.0" encoding="UTF-8"?>
<collection xmlns:xsi="http://www.w3.org/2001/XMLSchema-instance" xsi:schemaLocation="http://www.loc.gov/MARC21/slim http://www.loc.gov/standards/marcxml/schema/MARC21slim.xsd" xmlns="http://www.loc.gov/MARC21/slim">
<record>
  <leader>00837cam a2200229Ka 4500</leader>
  <controlfield tag="001">4911907</controlfield>
  <controlfield tag="003">NNC</controlfield>
  <controlfield tag="005">20140922165009.0</controlfield>
  <controlfield tag="008">910114m19451949ua       b    001 0 araod</controlfield>
  <datafield tag="035" ind1=" " ind2=" ">
    <subfield code="a">(OCoLC)ocm22958660</subfield>
  </datafield>
  <datafield tag="035" ind1=" " ind2=" ">
    <subfield code="a">(NNC)4911907</subfield>
  </datafield>
  <datafield tag="040" ind1=" " ind2=" ">
    <subfield code="a">CLE</subfield>
    <subfield code="c">CLE</subfield>
    <subfield code="d">OCLCQ</subfield>
  </datafield>
  <datafield tag="090" ind1=" " ind2=" ">
    <subfield code="a">PJ7750.A25</subfield>
    <subfield code="b">S3 1945</subfield>
  </datafield>
  <datafield tag="100" ind1="0" ind2=" ">
    <subfield code="a">Abū al-ʻAlāʼ al-Maʻarrī,</subfield>
    <subfield code="d">973-1057.</subfield>
  </datafield>
  <datafield tag="245" ind1="1" ind2="0">
    <subfield code="a">Shurūḥ Siqṭ [i.e. Saqt] al-zand.</subfield>
  </datafield>
  <datafield tag="260" ind1=" " ind2=" ">
    <subfield code="a">al-Qāhirah :</subfield>
    <subfield code="b">Maṭbaʻat Dār al-Kutub al-Misrīyah,</subfield>
    <subfield code="c">1945-1949.</subfield>
  </datafield>
  <datafield tag="300" ind1=" " ind2=" ">
    <subfield code="a">v. ;</subfield>
    <subfield code="c">27 cm.</subfield>
  </datafield>
  <datafield tag="500" ind1=" " ind2=" ">
    <subfield code="a">At head of title: al-Mamlakah al-Miṣrīyah. Wizārat al-Maʻārif al-ʻUmūmīyah. Lajnat Iḥyeaʾ Athār Abī al-ʻAlá al-Maʻarrī.</subfield>
  </datafield>
  <datafield tag="504" ind1=" " ind2=" ">
    <subfield code="a">Includes bibliographical references and indexes.</subfield>
  </datafield>
  <datafield tag="740" ind1="0" ind2=" ">
    <subfield code="a">Shurūḥ Saqṭ al-zand.</subfield>
  </datafield>
  <datafield tag="740" ind1="0" ind2=" ">
    <subfield code="a">Saqṭ al-zand.</subfield>
  </datafield>
  <datafield tag="955" ind1=" " ind2=" ">
    <subfield code="b">0026815494</subfield>
    <subfield code="d">glx</subfield>
    <subfield code="e">893.7Ab92 L13</subfield>
    <subfield code="v">v.4-5</subfield>
  </datafield>
</record>
</collection>